<?xml version="1.0" encoding="UTF-8"?><collection xmlns="http://www.loc.gov/MARC21/slim"><record><leader>00345nam--2200133-i-4500</leader><controlfield tag="001">000047804</controlfield><controlfield tag="002">20161230</controlfield><controlfield tag="005">20161230201046</controlfield><controlfield tag="008">060222s1000------------r-----000-0-eng-d</controlfield><datafield ind1=" " ind2=" " tag="080"><subfield code="a">51:539.12</subfield></datafield><datafield ind1=" " ind2=" " tag="100"><subfield code="a">Yoshida, H</subfield></datafield><datafield ind1=" " ind2=" " tag="245"><subfield code="a">Ward identities of current algebra</subfield></datafield><datafield ind1=" " ind2=" " tag="260"><subfield code="a">London, Physics Department, Univ.College, /F.An/, 18p</subfield></datafield><datafield ind1=" " ind2=" " tag="852"><subfield code="a">35113</subfield></datafield></record></collection>